@Article{	  prusa.tuma,
  author		= {Vít Průša and Karel Tůma},
  title		= {How to navigate zeppelin},
  year		= {2021},
}